@book{wals,
  address   = {Leipzig},
  editor    = {Matthew S. Dryer and Martin Haspelmath},
  publisher = {Max Planck Institute for Evolutionary Anthropology},
  title     = {WALS Online},
  url       = {https://wals.info/},
  year      = {2013}
}

@incollection{wals-9,
  address   = {Leipzig},
  author    = {Gregory D.S. Anderson},
  booktitle = {The World Atlas of Language Structures Online},
  editor    = {Matthew S. Dryer and Martin Haspelmath},
  publisher = {Max Planck Institute for Evolutionary Anthropology},
  title     = {The Velar Nasal},
  url       = {https://wals.info/chapter/9},
  year      = {2013}
}

@article{labrune2021word,
  title={Word-initial rhotic avoidance: a typological survey},
  author={Labrune, Laurence},
  journal={Glossa: a journal of general linguistics},
  volume={6},
  number={1},
  year={2021},
  publisher={Open Library of Humanities}
}

@article{martin2017indeterminacy,
  title={The indeterminacy of word segmentation and the nature of morphology and syntax},
  author={Martin, Haspelmath},
  journal={Folia linguistica},
  volume={51},
  number={s1000},
  pages={31--80},
  year={2017},
  publisher={De Gruyter Mouton}
}

@article{miestamo2016sampling,
  title={Sampling for variety},
  author={Miestamo, Matti and Bakker, Dik and Arppe, Antti},
  journal={Linguistic Typology},
  volume={20},
  number={2},
  pages={233--296},
  year={2016},
  publisher={De Gruyter Mouton}
}

@book{velupillai2012introduction,
  title={An introduction to linguistic typology},
  author={Velupillai, Viveka},
  year={2012},
  publisher={John Benjamins Publishing}
}

@incollection{wals-s1,
  address   = {Leipzig},
  author    = {Bernard Comrie and Matthew S. Dryer and David Gil and Martin Haspelmath},
  booktitle = {The World Atlas of Language Structures Online},
  editor    = {Matthew S. Dryer and Martin Haspelmath},
  publisher = {Max Planck Institute for Evolutionary Anthropology},
  title     = {Introduction},
  url       = {https://wals.info/chapter/s1},
  year      = {2013}
}

@article{hyman2009not,
  title={How (not) to do phonological typology: the case of pitch-accent},
  author={Hyman, Larry M},
  journal={Language sciences},
  volume={31},
  number={2-3},
  pages={213--238},
  year={2009},
  publisher={Elsevier}
}

@book{phoible,
  address   = {Jena},
  editor    = {Steven Moran and Daniel McCloy},
  publisher = {Max Planck Institute for the Science of Human History},
  title     = {PHOIBLE 2.0},
  url       = {https://phoible.org/},
  year      = {2019}
}


@book{carlsonGrammarSupyire1994,
  title = {A {{Grammar}} of {{Supyire}}},
  shorttitle = {A {{Grammar}} of {{Supyire}}},
  author = {Carlson, Robert},
  date = {1994-12-31},
  publisher = {De Gruyter Mouton},
  location = {Berlin, New York},
  doi = {10.1515/9783110883053},
  isbn = {978-3-11-014057-6},
  langid = {english},
  file = {C\:\\Users\\tranc\\Zotero\\storage\\776MST5Q\\Carlson - 1994 - A Grammar of Supyire.pdf}
}

@book{coleImbaburaQuechua1985,
  title = {{Imbabura Quechua}},
  author = {Cole, Peter},
  date = {1982},
  series = {Lingua Descriptive Studies},
  number = {5},
  publisher = {{North-Holland}},
  location = {{Asmterdam}},
  isbn = {978-0-7099-3444-8},
  keywords = {Ecuador Imbabura,Grammar,Quechua language},
  file = {C\:\\Users\\tranc\\Zotero\\storage\\F9EJT894\\Cole - 1981 - Imbabura Quechua.pdf}
}

@book{dixon1988grammar,
  title = {{A Grammar of Boumaa Fijian}},
  author = {Dixon, Robert Malcolm Ward},
  date = {1988},
  publisher = {{University of Chicago Press}},
  location = {Chicago, London},
  file = {C\:\\Users\\tranc\\Zotero\\storage\\E3IBFSUJ\\R. M. W. Dixon - A Grammar of Boumaa Fijian (1989, University Of Chicago Press) - libgen.lc.pdf}
}

@book{dolGrammarMaybratLanguage2007,
  title = {A Grammar of {{Maybrat}}: A Language of the {{Bird}}'s {{Head Peninsula}}, {{Papua Province}}, {{Indonesia}}},
  shorttitle = {A Grammar of {{Maybrat}}},
  author = {Dol, Philomena Hedwig},
  date = {2007},
  series = {Pacific Linguistics},
  number = {586},
  publisher = {{Australian National University}},
  location = {{Canberra}},
  isbn = {978-0-85883-573-3},
  langid = {english},
  keywords = {Grammar,Mai Brat language},
  file = {C\:\\Users\\tranc\\Zotero\\storage\\DUVLS3WD\\Dol - 2007 - A grammar of Maybrat a language of the Bird's Hea.pdf}
}

@thesis{dunnGrammarChukchi1999,
  type = {phdthesis},
  title = {A Grammar of {{Chukchi}}},
  author = {Dunn, Michael John},
  date = {1999},
  institution = {{Australian National University}},
  url = {https://openresearch-repository.anu.edu.au/handle/1885/10769},
  urldate = {2022-10-14},
  langid = {english},
  file = {C\:\\Users\\tranc\\Zotero\\storage\\A9K4PKZR\\Dunn - A Grammar of Chukchi.pdf}
}

@book{everettWari2002,
  title = {Wari},
  author = {Everett, Daniel L. and Kern, Barbara},
  date = {2002-09-11},
  publisher = {{Routledge}},
  location = {London, New York},
  doi = {10.4324/9780203193327},
  isbn = {978-1-134-98410-7},
  langid = {english},
  file = {C\:\\Users\\tranc\\Zotero\\storage\\IQTWJ8TW\\everett_97_Wari-The-Paaca.pdf}
}

@book{franklinGrammarKewaNew1971,
  title = {A Grammar of {{Kewa}}, {{New Guinea}}},
  author = {Franklin, Karl J.},
  date = {1971},
  series = {Pacific Linguistics},
  number = {16},
  publisher = {{The Australian National University}},
  location = {{Canberra}},
  isbn = {978-0-85883-066-0},
  langid = {english},
  file = {C\:\\Users\\tranc\\Zotero\\storage\\RYQRU7XJ\\Kewa.pdf;C\:\\Users\\tranc\\Zotero\\storage\\YAK2X6HK\\Franklin - 1971 - A grammar of Kewa, New Guinea.pdf}
}

@book{geeslinCambridgeHandbookSpanish2018,
  title = {The {{Cambridge Handbook}} of {{Spanish Linguistics}}},
  editor = {Geeslin, Kimberly L.},
  date = {2018-08-31},
  edition = {1},
  publisher = {{Cambridge University Press}},
  location = {Cambridge},
  doi = {10.1017/9781316779194},
  isbn = {978-1-316-77919-4 978-1-107-17482-5 978-1-316-62676-4},
  langid = {english},
  file = {C\:\\Users\\tranc\\Zotero\\storage\\NU37Q2UL\\Geeslin - 2018 - The Cambridge Handbook of Spanish Linguistics.pdf}
}

@article{kirbyVietnameseHanoiVietnamese2011,
  title = {Vietnamese ({{Hanoi Vietnamese}})},
  author = {Kirby, James P.},
  date = {2011-12},
  journaltitle = {Journal of the International Phonetic Association},
  shortjournal = {Journal of the International Phonetic Association},
  volume = {41},
  number = {3},
  pages = {381--392},
  issn = {0025-1003, 1475-3502},
  doi = {10.1017/S0025100311000181},
  langid = {english},
  file = {C\:\\Users\\tranc\\Zotero\\storage\\U3G9EU7I\\Kirby - 2011 - Vietnamese (Hanoi Vietnamese).pdf}
}

@book{liMandarinChineseFunctional2009,
  title = {Mandarin {{Chinese}}: A Functional Reference Grammar},
  shorttitle = {Mandarin {{Chinese}}},
  author = {Li, Charles N. and Thompson, Sandra A.},
  date = {2009},
  edition = {1},
  publisher = {{University of California Press}},
  location = {{Berkeley}},
  isbn = {978-0-520-06610-6},
  langid = {english},
  file = {C\:\\Users\\tranc\\Zotero\\storage\\CWFMQ442\\Charles N. Li, Sandra A. Thompson - Mandarin Chinese_ A Functional Reference Grammar (1989, University of California Press) - libgen.lc.pdf}
}

@book{newmanHausaLanguageEncyclopedic2000,
  title = {The {{Hausa}} Language: An Encyclopedic Reference Grammar},
  shorttitle = {The {{Hausa}} Language},
  author = {Newman, Paul},
  date = {2000},
  series = {Yale Language Series},
  publisher = {{Yale University Press}},
  location = {{New Haven}},
  isbn = {978-0-300-08189-3},
  keywords = {Grammar,Hausa language},
  file = {C\:\\Users\\tranc\\Zotero\\storage\\BBPEDJ4S\\Paul Newman - The Hausa Language_ An Encyclopedic Reference Grammar   (2000, Yale University Press) - libgen.lc.pdf}
}

@book{noonanGrammarLango1992,
  title = {A Grammar of {{Lango}}},
  author = {Noonan, Michael},
  date = {1992},
  series = {Mouton Grammar Library},
  number = {7},
  publisher = {{Mouton de Gruyter}},
  location = {{Berlin, New York}},
  isbn = {978-3-11-012992-2},
  langid = {english},
  pagetotal = {352},
  keywords = {Grammar,Lango language (Uganda)},
  file = {C\:\\Users\\tranc\\Zotero\\storage\\NPFPVEMU\\Noonan - 1992 - A grammar of Lango.pdf}
}

@book{osborneTiwiLanguageGrammar1974,
  title = {The {{Tiwi}} Language: Grammar, Myths and Dictionary of the {{Tiwi}} Language Spoken on {{Melville}} and {{Bathurst Islands}}, Northern {{Australia}}},
  shorttitle = {The {{Tiwi}} Language},
  author = {Osborne, C. R.},
  date = {1974},
  series = {Australian {{Aboriginal}} Studies},
  number = {55},
  publisher = {{Australian Institute of Aboriginal Studies}},
  location = {{Canberra}},
  isbn = {978-0-85575-037-4},
  keywords = {Australia Northern Territory,Folklore,Tales,Tiwi (Australian people),Tiwi language (Australia)},
  file = {C\:\\Users\\tranc\\Zotero\\storage\\SRKMQH8C\\Osborne - 1974 - The Tiwi language grammar, myths and dictionary o.PDF}
}

@book{romero-figeroaReferenceGrammarWarao2003,
  title = {A Reference Grammar of {{Warao}}},
  author = {Romero-Figeroa, Andrés},
  date = {2003},
  series = {{{LINCOM}} Studies in Native {{American}} Linguistics},
  edition = {2},
  number = {6},
  publisher = {{LINCOM Europa}},
  location = {{München}},
  isbn = {978-3-89586-104-8},
  langid = {english},
  file = {C\:\\Users\\tranc\\Zotero\\storage\\IBHX2WUN\\Andrés Romero-Figeroa - A Reference Grammar of Warao (1997, Lincom) - libgen.lc.pdf}
}

@book{seilerImondaPapuanLanguage1985,
  title = {Imonda, a {{Papuan}} Language},
  author = {Seiler, Walter},
  date = {1985},
  series = {Pacific Linguistics},
  number = {93},
  publisher = {{Australian National University}},
  location = {{Canberra}},
  isbn = {978-0-85883-326-5},
  langid = {english},
  keywords = {Grammar,Imonda language,Papuan languages},
  file = {C\:\\Users\\tranc\\Zotero\\storage\\V9G7K9CF\\Seiler - 1985 - Imonda, a Papuan language.pdf}
}

@book{shinSoundsKorean2012,
  title = {The {{Sounds}} of {{Korean}}},
  author = {Shin, Jiyoung and Kiaer, Jieun and Cha, Jaeeun},
  date = {2012-11-01},
  edition = {1},
  publisher = {{Cambridge University Press}},
  location = {Cambridge},
  doi = {10.1017/CBO9781139342858},
  isbn = {978-1-107-03005-3 978-1-107-67268-0 978-1-139-34285-8},
  file = {C\:\\Users\\tranc\\Zotero\\storage\\I5UJQ9SE\\Shin et al. - 2012 - The Sounds of Korean.pdf}
}

@book{sridharKannada1990,
  title = {Kannada},
  author = {Sridhar, S. N.},
  date = {1990},
  series = {Descriptive Grammars},
  publisher = {{Routledge}},
  location = {{London, New York}},
  isbn = {978-0-415-00317-9},
  keywords = {Grammar,Kannada language},
  file = {C\:\\Users\\tranc\\Zotero\\storage\\R4XZ4F5A\\S. N. Sridhar - Kannada (Descriptive Grammars Series) (1990, Routledge) - libgen.li.pdf}
}

@book{terrill2011grammar,
  title = {A Grammar of Lavukaleve},
  author = {Terrill, A.},
  date = {2011},
  series = {Mouton Grammar Library},
  publisher = {{De Gruyter Mouton}},
  location = {Berlin, New York},
  isbn = {978-3-11-092396-4},
  file = {C\:\\Users\\tranc\\Zotero\\storage\\HMBK692U\\Terrill - A grammar of Lavukaleve a Papuan language of the .pdf}
}

@article{tingsabadhThai1993,
  title = {Thai},
  author = {Tingsabadh, M. R. Kalaya and Abramson, Arthur S.},
  date = {1993-06},
  journaltitle = {Journal of the International Phonetic Association},
  shortjournal = {Journal of the International Phonetic Association},
  volume = {23},
  number = {1},
  pages = {24--28},
  issn = {0025-1003, 1475-3502},
  doi = {10.1017/S0025100300004746},
  langid = {english},
  file = {C\:\\Users\\tranc\\Zotero\\storage\\GZH6X8RL\\tingsabadh1993.pdf}
}

@book{watkinsGrammarKiowa1984,
  title = {A grammar of Kiowa},
  author = {Watkins, Laurel J. and McKenzie, Parker},
  date = {1984},
  series = {Studies in the anthropology of North American Indians},
  publisher = {{University of Nebraska Press}},
  location = {{Lincoln}},
  isbn = {978-0-8032-4727-7},
  langid = {engath},
  keywords = {Grammar,Kiowa language},
  file = {C\:\\Users\\tranc\\Zotero\\storage\\3FVMLBS7\\[Studies in the anthropology of North American Indians] Watkins, Laurel J. - A grammar of Kiowa. (1984, University of Nebraska Pr.ess) - libgen.lc.pdf}
}


